@article{Bachelier00,
  author = {Louis Bachelier},
  title = {Th\'eorie de la Sp\'eculation},
  journal = {Annales Scientifiques de l’\'Ecole Normale Sup\'erieure},
  volume={17},
  pages={21-88},
  year = {1900},
  langid={french}
}

@article{Kolmogorov31,
  title={{\"U}ber die analytischen Methoden in der Wahrscheinlichkeitsrechnung},
  author={Kolmogoroff, Andrei},
  journal={Mathematische Annalen},
  volume={104},
  pages={415--458},
  year={1931},
  publisher={Springer},
  langid = {german},
  addendum = {\begin{otherlanguage}{russian}Перевод: \fullcite[546]{Kolmogorov38}\end{otherlanguage}}
}

@article{Kolmogorov38,
  title={Об аналитических методах в теории вероятностей},
  author={Колмогоров, Андрей Николаевич},
  journal={Успехи математических наук},
  number={5},
  pages={5--41},
  year={1938},
  langid = {russian},
  options = {skipbib=true}
}

@Book(KaratzasShreve98,
author      = {Karatzas, Ioannis and Shreve, Steven E.},
title       = {Methods of Mathematical Finance},
publisher   = {Springer},
year        = 1998,
langid = {english}
)

@book{KaratzasShreve91,
  author         = {Karatzas, Ioannis and Shreve, Steven E},
  publisher      = {Springer},
  title          = {Brownian Motion and Stochastic Calculus},
  year           = {1991},
  edition        = {2nd ed.},
  langid         = {english}
}

@book{Krylov80,
  author         = {Крылов, Н В},
  publisher      = {Наука},
  title          = {Управляемые процессы диффузионного типа},
  year           = {1980},
  address = {Москва},
  langid = {russian}
}

@book{FollmerSchied11,
  title={Stochastic Finance: An Introduction in Discrete Time},
  author={F{\"o}llmer, Hans and Schied, Alexander},
  year={2011},
  publisher={Walter de Gruyter},
  address = {Berlin/New York},
  edition = {3rd ed.},
  addendum = {\begin{otherlanguage}{russian}Перевод 2-го изд.: \fullcite{FollmerSchied08}\end{otherlanguage}},
  langid = {english},
  keywords       = {fm1-main}
}

@book{FollmerSchied08,
  title={Введение в стохастические финансы. Дискретное время},
  author={Ганс Фёльмер and Александр Шид},
  year={2008},
  publisher={МЦНМО},
  address = {Москва},
  langid = {russian},
  options = {skipbib=true}
}

@article{KabanovStricker01,
  title={A teacher's note on no-arbitrage criteria},
  author={Kabanov, Yuri and Stricker, Christophe},
  journal={S{\'e}minaire de probabilit{\'e}s de Strasbourg},
  volume={35},
  pages={149--152},
  year={2001},
  langid = {english}
}

@book{Glasserman03,
  author = {Paul Glasserman},
  title = {Monte Carlo Methods in Financial Engineering},
  publisher = {Springer}, 
  address = {New York},
  year = {2003},
  langid  = {english}
}

@article{Jaeckel15,
  title={Let's be rational},
  author={J{\"a}ckel, Peter},
  journal={Wilmott},
  volume={2015},
  number={75},
  pages={40--53},
  year={2015},
  langid = {english}
}

@article{Jaeckel06,
  title={By implication},
  author={J{\"a}ckel, Peter},
  journal={Wilmott},
  volume={26},
  pages={60--66},
  year={2006},
  langid = {english}
}

@book{Shiryaev04,
  author         = {Ширяев, Альберт Николаевич},
  publisher      = {МЦНМО},
  title          = {Вероятность},
  year           = {2004},
  address        = {Москва},
  langid         = {russian},
  keywords       = {fm1-main}
}

@book{JacodShiryaev94,
  author         = {Жакод, Жан and Ширяев, Альберт Николаевич},
  publisher      = {Физматлит},
  title          = {Предельные теоремы для случайных процессов},
  year           = {1994},
  address        = {Москва},
  langid = {russian}
}

@book{CoddingtonLevinson55,
  author         = {Coddington, Earl A and Levinson, Norman},
  publisher      = {McGraw--Hill},
  title          = {Theory of Ordinary Differential Equations},
  year           = {1955},
  langid = {english}
}

@book{LiptserShiryaev86,
  author         = {Липцер, Р Ш and Ширяев, А Н},
  editor         = {},
  publisher      = {Наука},
  title          = {Теория мартингалов},
  year           = {1986},
  address = {Москва},
  langid = {russian}
}

@article{Ito46,
  title={On a stochastic integral equation},
  author={It{\^o}, Kiyosi},
  journal={Proceedings of the Japan Academy},
  volume={22},
  number={1-4},
  pages={32--35},
  year={1946},
  publisher={The Japan Academy},
  langid = {english}
}

@book{GikhmanSkorokhod68,
  author         = {Гихман, И И and Скороход, А В},
  publisher      = {Наукова думка},
  address        = {Киев},
  title          = {Стохастические дифференциальные уравнения},
  year           = {1968},
  langid = {russian}
}

@book{Shiryaev98,
  author         = {Ширяев, Альберт Николаевич},
  publisher      = {МЦНМО},
  title          = {Основы стохастической финансовой математики},
  year           = {2016},
  address        = {Москва},
  langid         = {russian},
  keywords       = {fm1-main}
}

@book{BulinskiShiryaev04,
  author         = {Булинский, Александр Вадимович and Ширяев, Альберт Николаевич},
  publisher      = {Физматлит},
  title          = {Теория случайных процессов},
  year           = {2004},
  address        = {Москва},
  langid         = {russian},
  keywords       = {fm1-main}
}

@book{LiptserShiryaev74,
  author         = {Липцер, Роберт Шевилевич and Ширяев, Альберт Николаевич},
  publisher      = {Наука},
  title          = {Статистика случайных процессов},
  year           = {1974},
  address        = {Москва},
  langid = {russian}
}

@book{EberleinKallsen19,
  title={Mathematical Finance},
  author={Eberlein, Ernst and Kallsen, Jan},
  year={2019},
  publisher={Springer},
  langid = {english}
}

@book{Kallenberg97,
  title={Foundations of Modern Probability},
  author={Kallenberg, Olav},
  year={1997},
  publisher={Springer},
  langid = {english}
}

@article{BlackScholes73,
  title={The pricing of options and corporate liabilities},
  author={Black, Fischer and Scholes, Myron},
  journal={Journal of political economy},
  volume={81},
  number={3},
  pages={637--654},
  year={1973},
  langid = {english},
  keywords       = {fm1-main}
}

@article{Merton73,
  title={Theory of rational option pricing},
  author={Merton, Robert C},
  journal={The Bell Journal of Economics and Management Science},
  pages={141--183},
  year={1973},
langid = {english},
keywords       = {fm1-main}
}

@article{Black76,
  title={The pricing of commodity contracts},
  author={Black, Fischer},
  journal={Journal of Financial Economics},
  volume={3},
  number={1-2},
  pages={167--179},
  year={1976},
  langid={english}
}

@book{BakhvalovZhidkovKobelkov,
  title={Численные методы},
  author={Бахвалов, Николай Сергеевич and Жидков, Николай Петрович and Кобельков, Георгий Михайлович},
  year={1987},
  publisher={Наука},
    address        = {Москва},
  langid = {russian}
}

@book{Haug06,
  author         = {Haug, Espen Gaarder},
  publisher      = {McGraw-Hill},
  title          = {The Complete Guide to Option Pricing Formulas},
  year           = {2006},
  edition        = {2nd},
  langid = {english}
}

@article{DalangMorton+90,
  title={Equivalent martingale measures and no-arbitrage in stochastic securities market models},
  author={Dalang, Robert C and Morton, Andrew and Willinger, Walter},
  journal={Stochastics},
  volume={29},
  number={2},
  pages={185--201},
  year={1990},
  langid = {english}
}

@mvbook{Bogachev03,
  title          = {Основы теории меры},
  author         = {Богачёв, Владимир Игоревич},
  publisher      = {Регулярная и хаотическая динамика},
  address        = {Ижевск},
  year           = {2003},
  langid = {russian}
}

@book{KolmogorovFomin76,
  author         = {Колмогоров, А Н and Фомин, С В},
  publisher      = {Наука},
  title          = {Элементы теории функций и функционального анализа},
  year           = {1976},
  edition        = {4-е изд.},
  address        = {Москва},
  langid = {russian}
}

@book{VanDerVaart98,
  title={Asymptotic statistics},
  author={A. W. van der Vaart},
  year={1998},
  publisher={Cambridge University Press},
  address={Cambridge},
  langid = {english}
}
